@Book{fritsch,
   AUTHOR={R. Fritsch},
   TITLE={Der Vierfarbensatz},
   PUBLISHER={BI Wissenschaftsverlag},
   YEAR=1994,
   ADDRESS={Mannheim}
}